
%%LIBROS **********************************************************************************************************

@book{Walls2013,
	author = {Walls, M.},
	title = {Building a DevOps Culture},
	year = {2013},
	publisher = {Sebastopol: O’Reilly},
}

@book{Rios2007,
	author = {Ríos, S.},
	title = {ITIL v3},
	year = {2007},
	publisher = {Biable Management},
}
%%TESIS **********************************************************************************************************

@mastersthesis{Perez2018,
	author = {Pérez, L.},
	title = {DevOps: IT Development in the Era of Digitalization },
	year = {2018},
	address  = {Universidad de Valladolid, España},
	howpublished = {Recuperado de  {https://n9.cl/ar2v}},
	note = {Accedido el 29-08-2019}
}

%%PAGINAS WEB ******************************************************************************************************
@misc{Gartner,
	author = {Gartner},
	title = {IT Glossary},
	year = {ne},
	howpublished = {Recuperado de  {https://www.gartner.com/it-glossary/devops}},
	note = {Accedido el 28-08-2019}
}

@misc{UniversidadMadrid,
	author = {Raul Herranz},
	title = {Bases de datos NoSQL : Arquitectura y Ejemplos de aplicacion},
	year = {2014},
	howpublished = {Recuperado de  {https://core.ac.uk/download/pdf/44310803.pdf}},
	note = {Accedido el 10-09-2019}
}

%%ARTICULOS **********************************************************************************************************

@misc{ScrumDef,
	author = {Natali Caso},
	title = {SCRUM development process},
	year = {2004},
	howpublished = {Recuperado de  {https://bit.ly/2ouTR57}},
	note = {Accedido el 09-10-2019}
}



